%self-generated bib file for my GSHS graduation thesis

@article{haines,
  title={Artificial muscles from fishing line and sewing thread},
  author={Haines, Carter S and Lima, M{\'a}rcio D and Li, Na and Spinks, Geoffrey M and Foroughi, Javad and Madden, John DW and Kim, Shi Hyeong and Fang, Shaoli and de Andrade, M{\^o}nica Jung and G{\"o}ktepe, Fatma and others},
  journal={science},
  volume={343},
  number={6173},
  pages={868--872},
  year={2014},
  publisher={American Association for the Advancement of Science}
}

@inproceedings{yip,
  title={High-performance robotic muscles from conductive nylon sewing thread},
  author={Yip, Michael C and Niemeyer, Gunter},
  booktitle={Robotics and Automation (ICRA), 2015 IEEE International Conference on},
  pages={2313--2318},
  year={2015},
  organization={IEEE}
}

@article{yuan,
  title={Fibers do the twist},
  author={Yuan, Jinkai and Poulin, Philippe and others},
  journal={science},
  volume={343},
  number={6173},
  pages={845--846},
  year={2014},
  publisher={American Association for the Advancement of Science}
}

@inproceedings{mirvakili,
  title={Simple and strong: Twisted silver painted nylon artificial muscle actuated by Joule heating},
  author={Mirvakili, Seyed M and Ravandi, Ali Rafie and Hunter, Ian W and Haines, Carter S and Li, Na and Foroughi, Javad and Naficy, Sina and Spinks, Geoffrey M and Baughman, Ray H and Madden, John DW},
  booktitle={SPIE Smart Structures and Materials+ Nondestructive Evaluation and Health Monitoring},
  pages={90560I--90560I},
  year={2014},
  organization={International Society for Optics and Photonics}
}

@article{ashley,
  title={Artificial muscles},
  author={Ashley, Steven},
  journal={Scientific American},
  volume={289},
  number={4},
  pages={52--59},
  year={2003},
  publisher={Nature Publishing Group}
}

@article{fab_coil,
  title={Experimental characterization of thermally-activated artificial muscles based on coiled nylon fishing lines},
  author={Cherubini, Antonello and Moretti, Giacomo and Vertechy, Rocco and Fontana, Marco},
  journal={AIP Advances},
  volume={5},
  number={6},
  pages={067158},
  year={2015},
  publisher={AIP Publishing}
}

@article{antagonism,
  title={Antagonism for a highly anthropomorphic hand--arm system},
  author={Grebenstein, Markus and van der Smagt, Patrick},
  journal={Advanced Robotics},
  volume={22},
  number={1},
  pages={39--55},
  year={2008},
  publisher={Taylor \& Francis}
}
